% This file was created with JabRef 2.5.
% Encoding: UTF-8

@ARTICLE{ELIDRISSI94,
	author = {{Chafik El Idrissi}, M. and {Roney}, A. and {Frigon}, C. and {Larzilli{\`e}re},M.},
	title = {Measurements of total kinetic-energy released to the {$N=2$} dissociation
	limit of {H}$_2$ --- evidence of the dissociation of very high vibrational
	{R}ydberg states of {H}$_2$ by doubly-excited states},
	journal = {Chemical Physics Letters},
	year = {1994},
	volume = {224},
	pages = {260-266},
	number = {10}
}

@BOOK{companion,
	title = {The {\LaTeX} Companion},
	publisher = {Addison-Wesley Publishing Company},
	year = {1994},
	author = {Michel Goosens and Frank Mittelbach and Alexander Samarin},
	pages = {112--125},
	address = {Reading, MA}
}

@BOOK{IEEE-1363,
	title = {{IEEE} Standard Specifications for Public-Key Cryptography},
	publisher = {IEEE},
	year = {2000},
	author = {{IEEE Std 1363-2000}},
	address = {New York}
}

@MASTERSTHESIS{metamori2004,
	author = {Ashwin Raju Jeyakumar},
	title = {Metamori: A library for Incremental File Checkpointing},
	school = {Virgina Tech},
	year = {2004},
	address = {Blacksburg},
	month = {jun 21}
}

@INPROCEEDINGS{DPMG,
	author = {Kim, Sangbum and Woo, Namyoon and Yeom, Heon Y. and Park, Taesoon
	and Park, Hyoungwoo},
	title = {Design and {I}mplementation of {D}ynamic {P}rocess {M}anagement for
	{G}rid-enabled {MPICH}},
	booktitle = {the 10th European PVM/MPI Users' Group Conference},
	year = {2003},
	address = {Venice, Italy},
	month = {sep}
}

@BOOK{tex,
	title = {The {\TeX} Book},
	publisher = {Addison-Wesley Publishing Company},
	year = {1989},
	author = {Donald E. Knuth},
	address = {Reading, MA},
	edition = {15th}
}

@INPROCEEDINGS{kocher99,
	author = {C. Kocher and J. Jaffe and B. Jun},
	title = {Differential Power Analysis},
	booktitle = {Advances in Cryptology ({CRYPTO}~'99)},
	year = {1999},
	editor = {M. Wiener},
	volume = {1666},
	series = {Lecture Notes in Computer Science},
	pages = {388-397},
	month = {August},
	publisher = {Springer-Verlag}
}

@INCOLLECTION{Krasnogor2004e,
	author = {N. Krasnogor},
	title = {Towards robust memetic algorithms},
	booktitle = {Recent Advances in Memetic Algorithms},
	publisher = {Springer Berlin Heidelberg},
	year = {2004},
	editor = {W.E. Hart and N. Krasnogor and J.E. Smith},
	volume = {166},
	series = {Studies in Fuzziness and Soft Computing},
	pages = {185-207},
	address = {New York}
}

@ARTICLE{MELLINGER96,
	author = {Mellinger, A. and Vidal, C. R. and Jungen, Ch.},
	title = {Laser reduced fluorescence study of the carbon-monoxide nd triplet
	{R}ydberg series-experimental results and multichannel quantum-defect
	analysis},
	journal = {J. Chem. Phys.},
	year = {1996},
	volume = {104},
	pages = {8913-8921},
	number = {5}
}

@ARTICLE{SHELL02,
	author = {Michael Shell},
	title = {How to Use the {IEEEtran {\LaTeX}} Class},
	journal = {Journal of {\LaTeX} Class Files},
	year = {2002},
	volume = {12},
	pages = {100--120},
	number = {4}
}

@TECHREPORT{NPB2,
	author = {Alex Woo and David Bailey and Maurice Yarrow and Wijngaart Wijngaart
	and Tim Harris and William Saphir},
	title = {The {NAS} Parallel Benchmarks 2.0},
	institution = {The Pennsylvania State University CiteSeer Archives},
	year = {1995},
	month = {dec 05},
	url = {http://www.nasa.org/}
}

@PHDTHESIS{FistSystem01,
	author = {Erez Zadok},
	title = {{FiST}: A System for Stackable File System Code Generation},
	school = {Computer Science Department, Columbia University},
	year = {2001},
	address = {USA},
	month = {May}
}

@PHDTHESIS{shaheshang,
	author = {沙和尚},
	title = {论流沙河的综合治理},
	school = {清华大学},
	year = {2005},
	address = {北京},
	language = {zh}
}

@MASTERSTHESIS{zhubajie,
	author = {猪八戒},
	title = {论流体食物的持久保存这是一个很长很长的题目用来测试BiBTeX会不会出现乱码貌似北邮的BST工作的很好},
	school = {广寒宫大学},
	year = {2005},
	address = {北京},
	language = {zh}
}

@INPROCEEDINGS{cnproceed,
	author = {王重阳 and 黄药师 and 欧阳峰 and 洪七公 and 段皇帝},
	title = {武林高手从入门到精通},
	booktitle = {第~$N$~次华山论剑},
	year = {2006},
	address = {西安, 中国},
	month = {sep},
	language = {zh}
}

@INCOLLECTION{zjsw,
	author = {班固},
	title = {苏武传},
	booktitle = {传记散文英华},
	publisher = {湖北人民出版社},
	year = {1998},
	editor = {郑在瀛 and 汪超宏 and 周文复},
	volume = {2},
	series = {新古文观止丛书},
	pages = {65-69},
	address = {武汉},
	language = {zh}
}

@ARTICLE{cnarticle,
	author = {贾宝玉 and 林黛玉 and 薛宝钗 and 贾探春},
	title = {论刘姥姥食量大如牛之现实意义},
	journal = {红楼梦杂谈},
	year = {1800},
	volume = {224},
	pages = {260--266},
	language = {zh}
}

@INBOOK{clzs,
	chapter = {大人物还是讲人情的},
	pages = {185-207},
	title = {沧浪之水},
	publisher = {人民文学出版社},
	year = {2001},
	author = {阎真},
	language = {zh}
}

@online{pypi,
	title        = {PyPI},
	url          = {https://pypi.org/},
	year         = 2024,
	note         = {Accessed: 2024-6-6}
}

@online{Maven,
	title        = {Maven},
	url          = {https://mvnrepository.com/repos},
	year         = 2024,
	note         = {Accessed: 2024-6-6}
}

@misc{NuGet,
	title        = {NuGet},
	url          = {https://www.nuget.org},
	year         = 2024,
	note         = {Accessed: 2024-6-6}
}

@misc{pip,
	title        = {pip},
	url          = {https://pypi.org/project/pip/},
	year         = 2024,
	note         = {Accessed: 2024-6-6}
}

@misc{pipdeptree,
	title        = {pipdeptree},
	url          = {https://github.com/naiquevin/pipdeptree},
	year         = 2024,
	note         = {Accessed: 2024-6-6}
}

@misc{whois,
	title        = {whois},
	url          = {https://pypi.org/project/whois/},
	year         = 2024,
	note         = {Accessed: 2024-6-6}
}

@misc{Fail2ban,
	title        = {Fail2ban},
	url          = {http://www.fail2ban.org},
	year         = 2024,
	note         = {Accessed: 2024-6-6}
}

@misc{dpkg,
	title        = {Dpkg},
	url          = {https://wiki.debian.org/Teams/Dpkg/},
	year         = 2024,
	note         = {Accessed: 2024-6-6}
}

@misc{docker,
	title        = {Docker},
	url          = {https://www.docker.com/},
	year         = 2024,
	note         = {Accessed: 2024-6-6}
}

@misc{Poetry,
	title        = {Poetry},
	url          = {https://python-poetry.org/docs/faq/},
	year         = 2024,
	note         = {Accessed: 2024-6-6}
}

@misc{Conda,
	title        = {Conda},
	url          = {https://conda.io/},
	year         = 2024,
	note         = {Accessed: 2024-6-6}
}

@misc{Issue7239,
	title        = {Issue 7239 of Conda},
	url          = {https://github.com/conda/conda/issues/7239},
	year         = 2024,
	note         = {Accessed: 2024-6-6}
}

@misc{Issue8197,
	title        = {Issue 8197 of Conda},
	url          = {https://github.com/conda/conda/issues/8197},
	year         = 2024,
	note         = {Accessed: 2024-6-6}
}
@misc{Issue8810,
	title        = {Issue 8810 of Conda},
	url          = {https://github.com/conda/conda/issues/8810},
	year         = 2024,
	note         = {Accessed: 2024-6-6}
}
@misc{Issue9983,
	title        = {Issue 9983 of Conda},
	url          = {https://github.com/conda/conda/issues/9983},
	year         = 2024,
	note         = {Accessed: 2024-6-6}
}
@misc{Issue11414,
	title        = {Issue 11414 of Conda},
	url          = {https://github.com/conda/conda/issues/11414},
	year         = 2024,
	note         = {Accessed: 2024-6-6}
}
@misc{bip32utils,
	title        = {bip32utils},
	url          = {https://pypi.org/project/bip32utils/},
	year         = 2024,
	note         = {Accessed: 2024-6-6}
}

@misc{pip-check,
	title        = {pip-check},
	url          = {https://pypi.org/project/pip-check/},
	year         = 2024,
	note         = {Accessed: 2024-6-6}
}

@misc{parso,
	title        = {parso},
	url          = {https://pypi.org/project/parso/},
	year         = 2024,
	note         = {Accessed: 2024-6-6}
}

@misc{lxml,
	title        = {Python3-lxml},
	url          = {https://lxml.de/},
	year         = 2024,
	note         = {Accessed: 2024-6-6}
}

@misc{humanfriendly,
	title        = {humanfriendly},
	url          = {https://pypi.org/project/humanfriendly/},
	year         = 2024,
	note         = {Accessed: 2024-6-6}
}

@misc{partd,
	title        = {partd},
	url          = {https://pypi.org/project/partd/},
	year         = 2024,
	note         = {Accessed: 2024-6-6}
}

@misc{questions61237965,
	title        = {questions 61237965},
	url          = {https://stackoverflow.com/questions/61237965/no-module-named-numpy-testing-decorators},
	year         = 2024,
	note         = {Accessed: 2024-6-6}
}

@misc{xarray,
	title        = {xarray},
	url          = {https://pypi.org/project/xarray/},
	year         = 2024,
	note         = {Accessed: 2024-6-6}
}

@misc{marshmallow,
	title        = {marshmallow},
	url          = {https://pypi.org/project/marshmallow/},
	year         = 2024,
	note         = {Accessed: 2024-6-6}
}

@misc{StackOverflow,
	title        = {Stack Overflow},
	url          = {https://stackoverflow.com/},
	year         = 2024,
	note         = {Accessed: 2024-6-6}
}

@misc{libraries.io,
	title        = {Libraries.io},
	url          = {https://libraries.io/},
	year         = 2024,
	note         = {Accessed: 2024-6-6}
}

@misc{GitHub,
	title        = {GitHub},
	url          = {https://github.com/},
	year         = 2024,
	note         = {Accessed: 2024-6-6}
}

@misc{npm,
	title        = {npm},
	url          = {https://www.npmjs.com/},
	year         = 2024,
	note         = {Accessed: 2024-6-6}
}

@misc{Fedora,
	title        = {Fedora},
	url          = {https://fedoraproject.org/},
	year         = 2024,
	note         = {Accessed: 2024-6-6}
}

@misc{japicmp,
	title        = {japicmp},
	url          = {https://github.com/siom79/japicmp},
	year         = 2024,
	note         = {Accessed: 2024-6-6},
	author       ={M. Mois}
}

@misc{clirr,
	title        = {clirr},
	url          = {https://clirr.sourceforge.net/},
	year         = 2024,
	note         = {Accessed: 2024-6-6},
	author       ={L. K¨uhne}
}

@misc{SigTest,
	title        = {SigTest},
	url          = {https://wiki.openjdk.java.net/display/CodeTools/SigTest},
	year         = 2024,
	note         = {Accessed: 2024-6-6},
	author       ={Oracle}
}

@misc{revapi,
	title        = {revapi},
	url          = {https://revapi.org/revapi-site/main/index.html},
	year         = 2024,
	note         = {Accessed: 2024-6-6},
	author       ={L. Krejci}
}
@misc{apt,
	title        = {apt},
	url          = {https://help.ubuntu.com/lts/serverguide/apt.html.en},
	year         = 2024,
	note         = {Accessed: 2024-6-6}
}

@misc{dnf,
	title        = {dnf},
	url          = {https://docs.fedoraproject.org/en-US/quick-docs/dnf/},
	year         = 2024,
	note         = {Accessed: 2024-6-6}
}

@online{pip_doc,
	title        = {pip documentation},
	year         = 2024,
	url          = {https://pip.pypa.io/en/stable/cli/pip_install/},
	note         = {Accessed: 2024-6-6}
}

@inproceedings{wang2022smartpip,
	title={smartPip: A Smart Approach to Resolving Python Dependency Conflict Issues},
	author={Wang, Chao and Wu, Rongxin and Song, Haohao and Shu, Jiwu and Li, Guoqing},
	booktitle={Proceedings of the 37th IEEE/ACM International Conference on Automated Software Engineering},
	pages={1--12},
	year={2022},
	doi = {https://doi.org/10.1145/3551349.3560437}
}

@article{cao2024diagnosis,
	title={Diagnosis of package installation incompatibility via knowledge base},
	author={Cao, Yulu and Chen, Zhifei and Zhang, Xiaowei and Li, Yanhui and Chen, Lin and Wang, Linzhang},
	journal={Science of Computer Programming},
	pages={103098},
	year={2024},
	publisher={Elsevier},
	doi={https://doi.org/10.1016/j.scico.2024.103098}
}

@article{ma2023training,
	title={At Which Training Stage Does Code Data Help LLMs Reasoning?},
	author={Ma, Yingwei and Liu, Yue and Yu, Yue and Zhang, Yuanliang and Jiang, Yu and Wang, Changjian and Li, Shanshan},
	journal={arXiv preprint arXiv:2309.16298},
	year={2023},
	doi={https://doi.org/10.48550/arXiv.2309.16298}
}

@article{ma2024understand,
	title={How to Understand Whole Software Repository?},
	author={Ma, Yingwei and Yang, Qingping and Cao, Rongyu and Li, Binhua and Huang, Fei and Li, Yongbin},
	journal={arXiv preprint arXiv:2406.01422},
	year={2024},
	doi={https://doi.org/10.48550/arXiv.2406.01422}
}

@article{abate2012dependency,
	title={Dependency solving: a separate concern in component evolution management},
	author={Abate, Pietro and Di Cosmo, Roberto and Treinen, Ralf and Zacchiroli, Stefano},
	journal={Journal of Systems and Software},
	volume={85},
	number={10},
	pages={2228--2240},
	year={2012},
	publisher={Elsevier},
	doi={https://doi.org/10.1016/j.jss.2012.02.018}
}

@inproceedings{wang2023automatically,
	title={Automatically resolving dependency-conflict building failures via behavior-consistent loosening of library version constraints},
	author={Wang, Huiyan and Liu, Shuguan and Zhang, Lingyu and Xu, Chang},
	booktitle={Proceedings of the 31st ACM Joint European Software Engineering Conference and Symposium on the Foundations of Software Engineering},
	pages={198--210},
	year={2023},
	doi={https://doi.org/10.1145/3611643.3616264}
}

@inproceedings{jia2018smartlog,
	author    = {Zhouyang Jia and Shanshan Li and Xiaodong Liu and Xiangke Liao and Yunhuai Liu},
	title     = {SMARTLOG: Place error log statement by deep understanding of log intention},
	booktitle = {2018 IEEE 25th International Conference on Software Analysis, Evolution and Reengineering (SANER)},
	pages     = {61--71},
	year      = {2018},
	publisher = {IEEE}
}

@inproceedings{wang2020watchman,
	title={Watchman: Monitoring dependency conflicts for python library ecosystem},
	author={Wang, Ying and Wen, Ming and Liu, Yepang and Wang, Yibo and Li, Zhenming and Wang, Chao and Yu, Hai and Cheung, Shing-Chi and Xu, Chang and Zhu, Zhiliang},
	booktitle={Proceedings of the ACM/IEEE 42nd International Conference on Software Engineering},
	pages={125--135},
	year={2020},
	doi={https://doi.org/10.1145/3377811.3380426}
}

@article{bommarito2019empirical,
	title={An empirical analysis of the python package index (pypi)},
	author={Bommarito, Ethan and Bommarito, Michael},
	journal={arXiv preprint arXiv:1907.11073},
	year={2019},
	doi={https://doi.org/10.48550/arXiv.1907.11073}
}

@inproceedings{zerouali2018empirical,
	title={An empirical analysis of technical lag in npm package dependencies},
	author={Zerouali, Ahmed and Constantinou, Eleni and Mens, Tom and Robles, Gregorio and Gonz{\'a}lez-Barahona, Jes{\'u}s},
	booktitle={International Conference on Software Reuse},
	pages={95--110},
	year={2018},
	organization={Springer}
}

@article{javan2023dependency,
	title={Dependency update strategies and package characteristics},
	author={Javan Jafari, Abbas and Costa, Diego Elias and Shihab, Emad and Abdalkareem, Rabe},
	journal={ACM Transactions on Software Engineering and Methodology},
	volume={32},
	number={6},
	pages={1--29},
	year={2023},
	publisher={ACM New York, NY},
	doi={https://doi.org/10.1145/3603110}
}

@inproceedings{patra2018conflictjs,
	title={Conflictjs: finding and understanding conflicts between javascript libraries},
	author={Patra, Jibesh and Dixit, Pooja N and Pradel, Michael},
	booktitle={Proceedings of the 40th International Conference on Software Engineering},
	pages={741--751},
	year={2018},
	doi={https://doi.org/10.1145/3180155.3180184}
}

@inproceedings{artho2012software,
	title={Why do software packages conflict?},
	author={Artho, Cyrille and Suzaki, Kuniyasu and Di Cosmo, Roberto and Treinen, Ralf and Zacchiroli, Stefano},
	booktitle={2012 9th IEEE Working Conference on Mining Software Repositories (MSR)},
	pages={141--150},
	year={2012},
	organization={IEEE},
	doi={https://doi.org/10.1109/MSR.2012.6224274}
}

@inproceedings{jia2021depowl,
	title={DepOwl: Detecting Dependency Bugs to Prevent Compatibility Failures},
	author={Jia, Zhouyang and Li, Shanshan and Yu, Tingting and Zeng, Chen and Xu, Erci and Liu, Xiaodong and Wang, Ji and Liao, Xiangke},
	booktitle={2021 IEEE/ACM 43rd International Conference on Software Engineering (ICSE)},
	pages={86--98},
	year={2021},
	organization={IEEE},
	doi={https://doi.org/10.1109/ICSE43902.2021.00021}
}

@inproceedings{claes2015historical,
	title={A historical analysis of Debian package incompatibilities},
	author={Claes, Maelick and Mens, Tom and Di Cosmo, Roberto and Vouillon, J{\'e}r{\^o}me},
	booktitle={2015 IEEE/ACM 12th Working Conference on Mining Software Repositories},
	pages={212--223},
	year={2015},
	organization={IEEE},
	doi={https://doi.org/10.1109/MSR.2015.27}
}

@inproceedings{zhang2020python,
	title={How do python framework apis evolve? an exploratory study},
	author={Zhang, Zhaoxu and Zhu, Hengcheng and Wen, Ming and Tao, Yida and Liu, Yepang and Xiong, Yingfei},
	booktitle={2020 ieee 27th international conference on software analysis, evolution and reengineering (saner)},
	pages={81--92},
	year={2020},
	organization={IEEE},
	doi={https://doi.org/10.1109/SANER48275.2020.9054800}
}

@inproceedings{bogart2016break,
	title={How to break an API: cost negotiation and community values in three software ecosystems},
	author={Bogart, Christopher and K{\"a}stner, Christian and Herbsleb, James and Thung, Ferdian},
	booktitle={Proceedings of the 2016 24th ACM SIGSOFT International Symposium on Foundations of Software Engineering},
	pages={109--120},
	year={2016},
	doi={https://doi.org/10.1145/2950290.2950325}
}

@inproceedings{fan2020escaping,
	title={Escaping dependency hell: finding build dependency errors with the unified dependency graph},
	author={Fan, Gang and Wang, Chengpeng and Wu, Rongxin and Xiao, Xiao and Shi, Qingkai and Zhang, Charles},
	booktitle={Proceedings of the 29th ACM SIGSOFT International Symposium on Software Testing and Analysis},
	pages={463--474},
	year={2020},
	doi={https://doi.org/10.1145/3395363.3397388}
}

@article{soto2021comprehensive,
	title={A comprehensive study of bloated dependencies in the maven ecosystem},
	author={Soto-Valero, C{\'e}sar and Harrand, Nicolas and Monperrus, Martin and Baudry, Benoit},
	journal={Empirical Software Engineering},
	volume={26},
	number={3},
	pages={45},
	year={2021},
	publisher={Springer}
}

@inproceedings{abate2020dependency,
	title={Dependency solving is still hard, but we are getting better at it},
	author={Abate, Pietro and Di Cosmo, Roberto and Gousios, Georgios and Zacchiroli, Stefano},
	booktitle={2020 IEEE 27th International Conference on Software Analysis, Evolution and Reengineering (SANER)},
	pages={547--551},
	year={2020},
	organization={IEEE},
	doi={https://doi.org/10.1109/SANER48275.2020.9054837}
}

@article{lieasypip,
	title={EasyPip: Detect and Fix Dependency Problems in Python Dependency Declaration Files},
	author={Li, Shuo}
}

@inproceedings{trezentos2010apt,
	title={Apt-pbo: solving the software dependency problem using pseudo-boolean optimization},
	author={Trezentos, Paulo and Lynce, In{\^e}s and Oliveira, Arlindo L},
	booktitle={Proceedings of the 25th IEEE/ACM International Conference on Automated Software Engineering},
	pages={427--436},
	year={2010},
	doi={https://doi.org/10.1145/1858996.1859087}
}

@inproceedings{jia2018smartlog,
	title={SMARTLOG: Place error log statement by deep understanding of log intention},
	author={Jia, Zhouyang and Li, Shanshan and Liu, Xiaodong and Liao, Xiangke and Liu, Yunhuai},
	booktitle={2018 IEEE 25th International Conference on Software Analysis, Evolution and Reengineering (SANER)},
	pages={61--71},
	year={2018},
	organization={IEEE}
}

@misc{gradio_issue_5154,
	title        = {Issue 5154 on gradio-app/gradio},
	author       = {Gradio App Contributors},
	year         = 2024,
	howpublished = {\url{https://github.com/gradio-app/gradio/issues/5154}},
	note         = {Accessed: 2024-6-6}
}

@inproceedings{mukherjee2021PyDfix,
	title={Fixing dependency errors for Python build reproducibility},
	author={Mukherjee, Suchita and Almanza, Abigail and Rubio-Gonz{\'a}lez, Cindy},
	booktitle={Proceedings of the 30th ACM SIGSOFT international symposium on software testing and analysis},
	pages={439--451},
	year={2021},
	doi={https://doi.org/10.1145/3460319.3464797}
}

@inproceedings{wang2021SnifferDog,
	title={Restoring execution environments of Jupyter notebooks},
	author={Wang, Jiawei and Li, Li and Zeller, Andreas},
	booktitle={2021 IEEE/ACM 43rd International Conference on Software Engineering (ICSE)},
	pages={1622--1633},
	year={2021},
	organization={IEEE},
	doi={https://doi.org/10.1109/ICSE43902.2021.00144}
}

@inproceedings{brito2018apidiff,
	title={APIDiff: Detecting API breaking changes},
	author={Brito, Aline and Xavier, Laerte and Hora, Andre and Valente, Marco Tulio},
	booktitle={2018 IEEE 25th International Conference on Software Analysis, Evolution and Reengineering (SANER)},
	pages={507--511},
	year={2018},
	organization={IEEE},
	doi={https://doi.org/10.1109/SANER.2018.8330249}
}

@inproceedings{silva2017refdiff,
	title={Refdiff: detecting refactorings in version histories},
	author={Silva, Danilo and Valente, Marco Tulio},
	booktitle={2017 IEEE/ACM 14th International Conference on Mining Software Repositories (MSR)},
	pages={269--279},
	year={2017},
	organization={IEEE},
	doi={https://doi.org/10.1109/MSR.2017.14}
}

@inproceedings{du2022aexpy,
	title={Aexpy: Detecting api breaking changes in python packages},
	author={Du, Xingliang and Ma, Jun},
	booktitle={2022 IEEE 33rd International Symposium on Software Reliability Engineering (ISSRE)},
	pages={470--481},
	year={2022},
	organization={IEEE},
	doi={https://doi.org/10.1109/ISSRE55969.2022.00052}
}

@inproceedings{huang2020interactive,
	title={Interactive, effort-aware library version harmonization},
	author={Huang, Kaifeng and Chen, Bihuan and Shi, Bowen and Wang, Ying and Xu, Congying and Peng, Xin},
	booktitle={Proceedings of the 28th ACM Joint Meeting on European Software Engineering Conference and Symposium on the Foundations of Software Engineering},
	pages={518--529},
	year={2020},
	doi={https://doi.org/10.1145/3368089.3409689}
}

@inproceedings{li2022nufix,
	title={Nufix: escape from NuGet dependency maze},
	author={Li, Zhenming and Wang, Ying and Lin, Zeqi and Cheung, Shing-Chi and Lou, Jian-Guang},
	booktitle={Proceedings of the 44th International Conference on Software Engineering},
	pages={1545--1557},
	year={2022},
	doi={https://doi.org/10.1145/3510003.3510118}
}

@inproceedings{wang2018dependency,
	title={Do the dependency conflicts in my project matter?},
	author={Wang, Ying and Wen, Ming and Liu, Zhenwei and Wu, Rongxin and Wang, Rui and Yang, Bo and Yu, Hai and Zhu, Zhiliang and Cheung, Shing-Chi},
	booktitle={Proceedings of the 2018 26th ACM joint meeting on european software engineering conference and symposium on the foundations of software engineering},
	pages={319--330},
	year={2018},
	doi={https://doi.org/10.1145/3236024.3236056}
}

@inproceedings{wang2019could,
	title={Could I have a stack trace to examine the dependency conflict issue?},
	author={Wang, Ying and Wen, Ming and Wu, Rongxin and Liu, Zhenwei and Tan, Shin Hwei and Zhu, Zhiliang and Yu, Hai and Cheung, Shing-Chi},
	booktitle={2019 IEEE/ACM 41st International Conference on Software Engineering (ICSE)},
	pages={572--583},
	year={2019},
	organization={IEEE},
	doi={https://doi.org/10.1109/ICSE.2019.00068}
}

@article{wang2021will,
	title={Will dependency conflicts affect my program's semantics?},
	author={Wang, Ying and Wu, Rongxin and Wang, Chao and Wen, Ming and Liu, Yepang and Cheung, Shing-Chi and Yu, Hai and Xu, Chang and Zhu, Zhiliang},
	journal={IEEE Transactions on Software Engineering},
	volume={48},
	number={7},
	pages={2295--2316},
	year={2021},
	publisher={IEEE},
	doi={https://doi.org/10.1109/TSE.2021.3057767}
}

@inproceedings{mezzetti2018type,
	title={Type regression testing to detect breaking changes in Node. js libraries},
	author={Mezzetti, Gianluca and M{\o}ller, Anders and Torp, Martin Toldam},
	booktitle={32nd european conference on object-oriented programming (ECOOP 2018)},
	year={2018},
	organization={Schloss Dagstuhl-Leibniz-Zentrum fuer Informatik},
	doi={https://doi.org/10.4230/LIPIcs.ECOOP.2018.7}
}

@inproceedings{moller2019model,
	title={Model-based testing of breaking changes in Node. js libraries},
	author={M{\o}ller, Anders and Torp, Martin Toldam},
	booktitle={Proceedings of the 2019 27th ACM joint meeting on european software engineering conference and symposium on the foundations of software engineering},
	pages={409--419},
	year={2019},
	doi={https://doi.org/10.1145/3338906.3338940}
}

@inproceedings{horton2019v2,
	title={V2: Fast detection of configuration drift in python},
	author={Horton, Eric and Parnin, Chris},
	booktitle={2019 34th IEEE/ACM International Conference on Automated Software Engineering (ASE)},
	pages={477--488},
	year={2019},
	organization={IEEE},
	doi={https://doi.org/10.1109/ASE.2019.00052}
}

@inproceedings{chen2020taming,
	title={Taming behavioral backward incompatibilities via cross-project testing and analysis},
	author={Chen, Lingchao and Hassan, Foyzul and Wang, Xiaoyin and Zhang, Lingming},
	booktitle={Proceedings of the ACM/IEEE 42nd International Conference on Software Engineering},
	pages={112--124},
	year={2020},
	doi={https://doi.org/10.1145/3377811.3380436}
}

@inproceedings{ponomarenko2012backward,
	title={Automatic backward compatibility analysis of software component binary interfaces},
	author={Ponomarenko, Andrey and Rubanov, Vladimir},
	booktitle={2011 IEEE International Conference on Computer Science and Automation Engineering},
	volume={3},
	pages={167--173},
	year={2011},
	organization={IEEE},
	doi={https://doi.org/10.1109/CSAE.2011.5952657}
}

@inproceedings{brito2018apidiff,
	title={APIDiff: Detecting API breaking changes},
	author={Brito, Aline and Xavier, Laerte and Hora, Andre and Valente, Marco Tulio},
	booktitle={2018 IEEE 25th International Conference on Software Analysis, Evolution and Reengineering (SANER)},
	pages={507--511},
	year={2018},
	organization={IEEE}
}

@inproceedings{foo2018efficient,
	title={Efficient static checking of library updates},
	author={Foo, Darius and Chua, Hendy and Yeo, Jason and Ang, Ming Yi and Sharma, Asankhaya},
	booktitle={Proceedings of the 2018 26th ACM Joint Meeting on European Software Engineering Conference and Symposium on the Foundations of Software Engineering},
	pages={791--796},
	year={2018}
}

@inproceedings{meng2012history,
	title={A history-based matching approach to identification of framework evolution},
	author={Meng, Sichen and Wang, Xiaoyin and Zhang, Lu and Mei, Hong},
	booktitle={2012 34th International Conference on Software Engineering (ICSE)},
	pages={353--363},
	year={2012},
	organization={IEEE}
}

@inproceedings{mezzetti2018type,
	title={Type regression testing to detect breaking changes in Node. js libraries},
	author={Mezzetti, Gianluca and M{\o}ller, Anders and Torp, Martin Toldam},
	booktitle={32nd european conference on object-oriented programming (ECOOP 2018)},
	year={2018},
	organization={Schloss-Dagstuhl-Leibniz Zentrum f{\"u}r Informatik}
}

@article{ponomarenko2012backward,
	title={Backward compatibility of software interfaces: Steps towards automatic verification},
	author={Ponomarenko, A and Rubanov, V},
	journal={Programming and Computer Software},
	volume={38},
	number={5},
	pages={257--267},
	year={2012},
	publisher={Springer}
}

@inproceedings{wu2010aura,
	title={Aura: a hybrid approach to identify framework evolution},
	author={Wu, Wei and Gu{\'e}h{\'e}neuc, Yann-Ga{\"e}l and Antoniol, Giuliano and Kim, Miryung},
	booktitle={Proceedings of the 32nd ACM/IEEE International Conference on Software Engineering-Volume 1},
	pages={325--334},
	year={2010}
}

@inproceedings{he2018understanding,
	title={Understanding and detecting evolution-induced compatibility issues in Android apps},
	author={He, Dongjie and Li, Lian and Wang, Lei and Zheng, Hengjie and Li, Guangwei and Xue, Jingling},
	booktitle={Proceedings of the 33rd ACM/IEEE International Conference on Automated Software Engineering},
	pages={167--177},
	year={2018}
}

@inproceedings{jezek2013software,
	title={Software components compatibility verification based on static byte-code analysis},
	author={Jezek, Kamil and Holy, Lukas and Slezacek, Antonin and Brada, Premek},
	booktitle={2013 39th Euromicro Conference on Software Engineering and Advanced Applications},
	pages={145--152},
	year={2013},
	organization={IEEE}
}

@inproceedings{li2018cid,
	title={Cid: Automating the detection of api-related compatibility issues in android apps},
	author={Li, Li and Bissyand{\'e}, Tegawend{\'e} F and Wang, Haoyu and Klein, Jacques},
	booktitle={Proceedings of the 27th ACM SIGSOFT International Symposium on Software Testing and Analysis},
	pages={153--163},
	year={2018}
}

@inproceedings{wang2019could,
	title={Could I have a stack trace to examine the dependency conflict issue?},
	author={Wang, Ying and Wen, Ming and Wu, Rongxin and Liu, Zhenwei and Tan, Shin Hwei and Zhu, Zhiliang and Yu, Hai and Cheung, Shing-Chi},
	booktitle={2019 IEEE/ACM 41st International Conference on Software Engineering (ICSE)},
	pages={572--583},
	year={2019},
	organization={IEEE}
}

@article{balaban2005refactoring,
	title={Refactoring support for class library migration},
	author={Balaban, Ittai and Tip, Frank and Fuhrer, Robert},
	journal={ACM SIGPLAN Notices},
	volume={40},
	number={10},
	pages={265--279},
	year={2005},
	publisher={ACM New York, NY, USA}
}

@inproceedings{henkel2005catchup,
	title={CatchUp! Capturing and replaying refactorings to support API evolution},
	author={Henkel, Johannes and Diwan, Amer},
	booktitle={Proceedings of the 27th international conference on Software engineering},
	pages={274--283},
	year={2005}
}

@inproceedings{perkins2005automatically,
	title={Automatically generating refactorings to support API evolution},
	author={Perkins, Jeff H},
	booktitle={proceedings of the 6th ACM SIGPLAN-SIGSOFT Workshop on Program Analysis for Software Tools and Engineering},
	pages={111--114},
	year={2005}
}

@article{xing2007api,
	title={API-evolution support with Diff-CatchUp},
	author={Xing, Zhenchang and Stroulia, Eleni},
	journal={IEEE Transactions on Software Engineering},
	volume={33},
	number={12},
	pages={818--836},
	year={2007},
	publisher={IEEE}
}

@article{sakti2014instance,
	title={Instance generator and problem representation to improve object oriented code coverage},
	author={Sakti, Abdelilah and Pesant, Gilles and Gu{\'e}h{\'e}neuc, Yann-Ga{\"e}l},
	journal={IEEE Transactions on Software Engineering},
	volume={41},
	number={3},
	pages={294--313},
	year={2014},
	publisher={IEEE}
}
@article{wang2021will,
	title={Will dependency conflicts affect my program's semantics?},
	author={Wang, Ying and Wu, Rongxin and Wang, Chao and Wen, Ming and Liu, Yepang and Cheung, Shing-Chi and Yu, Hai and Xu, Chang and Zhu, Zhiliang},
	journal={IEEE Transactions on Software Engineering},
	volume={48},
	number={7},
	pages={2295--2316},
	year={2021},
	publisher={IEEE}
}

@inproceedings{falleri2014fine,
	title={Fine-grained and accurate source code differencing},
	author={Falleri, Jean-R{\'e}my and Morandat, Flor{\'e}al and Blanc, Xavier and Martinez, Matias and Monperrus, Martin},
	booktitle={Proceedings of the 29th ACM/IEEE international conference on Automated software engineering},
	pages={313--324},
	year={2014}
}

@inproceedings{fraser2011evosuite,
	title={Evosuite: automatic test suite generation for object-oriented software},
	author={Fraser, Gordon and Arcuri, Andrea},
	booktitle={Proceedings of the 19th ACM SIGSOFT symposium and the 13th European conference on Foundations of software engineering},
	pages={416--419},
	year={2011}
}

@inproceedings{foo2018efficient,
	title={Efficient static checking of library updates},
	author={Foo, Darius and Chua, Hendy and Yeo, Jason and Ang, Ming Yi and Sharma, Asankhaya},
	booktitle={Proceedings of the 2018 26th ACM Joint Meeting on European Software Engineering Conference and Symposium on the Foundations of Software Engineering},
	pages={791--796},
	year={2018}
}

@inproceedings{artho2012software,
	title={Why do software packages conflict?},
	author={Artho, Cyrille and Suzaki, Kuniyasu and Di Cosmo, Roberto and Treinen, Ralf and Zacchiroli, Stefano},
	booktitle={2012 9th IEEE Working Conference on Mining Software Repositories (MSR)},
	pages={141--150},
	year={2012},
	organization={IEEE}
}

@inproceedings{vasilakis2018breakapp,
	title={BreakApp: Automated, Flexible Application Compartmentalization.},
	author={Vasilakis, Nikos and Karel, Ben and Roessler, Nick and Dautenhahn, Nathan and DeHon, Andr{\'e} and Smith, Jonathan M},
	booktitle={NDSS},
	year={2018}
}

@article{kula2017impact,
	title={On the impact of micro-packages: An empirical study of the npm javascript ecosystem},
	author={Kula, Raula Gaikovina and Ouni, Ali and German, Daniel M and Inoue, Katsuro},
	journal={arXiv preprint arXiv:1709.04638},
	year={2017}
}

@article{liang1998dynamic,
	title={Dynamic class loading in the Java virtual machine},
	author={Liang, Sheng and Bracha, Gilad},
	journal={Acm sigplan notices},
	volume={33},
	number={10},
	pages={36--44},
	year={1998},
	publisher={ACM New York, NY, USA}
}

@article{王莹2023开源软件库生态治理技术研究综述,
	title={开源软件库生态治理技术研究综述: 二十年进展},
	author={王莹 and 伍盈欣 and 高天 and 陈子莺 and 许畅 and 于海 and 张成志},
	journal={软件学报},
	volume={35},
	number={2},
	pages={629--674},
	year={2023}
}

@article{bommarito2019empirical,
	title={An empirical analysis of the python package index (pypi)},
	author={Bommarito, Ethan and Bommarito, Michael},
	journal={arXiv preprint arXiv:1907.11073},
	year={2019}
}

@article{javan2023dependency,
	title={Dependency update strategies and package characteristics},
	author={Javan Jafari, Abbas and Costa, Diego Elias and Shihab, Emad and Abdalkareem, Rabe},
	journal={ACM Transactions on Software Engineering and Methodology},
	volume={32},
	number={6},
	pages={1--29},
	year={2023},
	publisher={ACM New York, NY}
}

@inproceedings{zerouali2018empirical,
	title={An empirical analysis of technical lag in npm package dependencies},
	author={Zerouali, Ahmed and Constantinou, Eleni and Mens, Tom and Robles, Gregorio and Gonz{\'a}lez-Barahona, Jes{\'u}s},
	booktitle={International Conference on Software Reuse},
	pages={95--110},
	year={2018},
	organization={Springer}
}

@inproceedings{claes2015historical,
	title={A historical analysis of Debian package incompatibilities},
	author={Claes, Maelick and Mens, Tom and Di Cosmo, Roberto and Vouillon, J{\'e}r{\^o}me},
	booktitle={2015 IEEE/ACM 12th Working Conference on Mining Software Repositories},
	pages={212--223},
	year={2015},
	organization={IEEE}
}

@inproceedings{trezentos2010apt,
	title={Apt-pbo: solving the software dependency problem using pseudo-boolean optimization},
	author={Trezentos, Paulo and Lynce, In{\^e}s and Oliveira, Arlindo L},
	booktitle={Proceedings of the 25th IEEE/ACM International Conference on Automated Software Engineering},
	pages={427--436},
	year={2010}
}

@phdthesis{贾周阳2020,
	title={复杂环境下的大规模软件系统可靠性提升技术研究},
	author={贾周阳},
	school={国防科技大学},
	year={2020},
}
@comment{jabref-meta: selector_publisher:}

@comment{jabref-meta: selector_author:}

@comment{jabref-meta: selector_journal:}

@comment{jabref-meta: selector_keywords:}